% This file was created with JabRef 2.3.1.
% Encoding: Cp1252

@article{chou2019novel,
  title={A Novel Branch-and-Bound Algorithm for the Protein Folding Problem in the 3D HP Model.},
  author={Chou, HH and Hsu, CT and Chen, LH and Lin, YC and Hsieh, SY},
  journal={IEEE/ACM transactions on computational biology and bioinformatics},
  year={2019}
}
@inproceedings{li2007protein,
  title={Protein folding based on simulated annealing algorithm},
  author={Li, Xiaomei},
  booktitle={Third International Conference on Natural Computation (ICNC 2007)},
  volume={4},
  pages={256--259},
  year={2007},
  organization={IEEE}
}
@article{traykov2018algorithm,
  title={Algorithm for protein folding problem in 3D lattice HP model},
  author={TRAYKOV, METODI and YANEV, NICOLA and MAVREVSKI, RADOSLAV and YURUKOV, BORISLAV},
  journal={International Journal of Biology and Biomedicine},
  volume={3},
  pages={16--21},
  year={2018}
}

@article{traykov2016new,
  title={A new heuristic algorithm for protein folding in the HP model},
  author={Traykov, Metodi and Angelov, Slav and Yanev, Nicola},
  journal={Journal of Computational Biology},
  volume={23},
  number={8},
  pages={662--668},
  year={2016},
  publisher={Mary Ann Liebert, Inc. 140 Huguenot Street, 3rd Floor New Rochelle, NY 10801 USA}
}

@inproceedings{todorin2018new,
  title={A new off-lattice HP model with side-chains for protein folding problem},
  author={Todorin, Ivan and Yanev, Nicola and Traykov, Metodi and Yurukov, Borislav},
  booktitle={ITM Web of Conferences},
  volume={16},
  pages={02007},
  year={2018},
  organization={EDP Sciences}
}

















@article{brasil2013multiobjective,
  title={Multiobjective evolutionary algorithm with many tables for purely ab initio protein structure prediction},
  author={Brasil, Christiane Regina Soares and Delbem, Alexandre Claudio Botazzo and da Silva, Fernando Lu{\'\i}s Barroso},
  journal={Journal of computational chemistry},
  volume={34},
  number={20},
  pages={1719--1734},
  year={2013},
  publisher={Wiley Online Library}
}

@article{garza2016generating,
  title={Generating, maintaining, and exploiting diversity in a memetic algorithm for protein structure prediction},
  author={Garza-Fabre, Mario and Kandathil, Shaun M and Handl, Julia and Knowles, Joshua and Lovell, Simon C},
  journal={Evolutionary computation},
  volume={24},
  number={4},
  pages={577--607},
  year={2016},
  publisher={MIT Press}
}
@incollection{benitez2010parallel,
  title={Parallel artificial bee colony algorithm approaches for protein structure prediction using the 3dhp-sc model},
  author={Ben{\'\i}tez, C{\'e}sar Manuel Vargas and Lopes, Heitor Silv{\'e}rio},
  booktitle={Intelligent Distributed Computing IV},
  pages={255--264},
  year={2010},
  publisher={Springer}
}

@inproceedings{benitez2012molecular,
  title={Molecular Dynamics for Simulating the Protein Folding Process Using the 3D AB Off-Lattice Model},
  author={Ben{\'\i}tez, C{\'e}sar Manuel Vargas and Lopes, Heitor Silv{\'e}rio},
  booktitle={Brazilian Symposium on Bioinformatics},
  pages={61--72},
  year={2012},
  organization={Springer}
}


@article{liwo2019extension,
  title={Extension of the Force Matching Method to Anisotropic Coarse-Grained Transferable Force Fields: Application to the Unres Model of Proteins},
  author={Liwo, Jozef A and Czaplewski, Cezary R},
  journal={Biophysical Journal},
  volume={116},
  number={3},
  pages={145a},
  year={2019},
  publisher={Elsevier}
}

@article{wang2019branch,
  title={A branch and price algorithm for single-machine completion time variance},
  author={Wang, Shijin and Lu, Ying},
  journal={Computers \& Operations Research},
  volume={109},
  pages={188--199},
  year={2019},
  publisher={Elsevier}
}




@inproceedings{garza2012multiobjectivizing,
  title={Multiobjectivizing the HP model for protein structure prediction},
  author={Garza-Fabre, Mario and Rodriguez-Tello, Eduardo and Toscano-Pulido, Gregorio},
  booktitle={European Conference on Evolutionary Computation in Combinatorial Optimization},
  pages={182--193},
  year={2012},
  organization={Springer}
}

@article{cutello2005multi,
  title={A multi-objective evolutionary approach to the protein structure prediction problem},
  author={Cutello, Vincenzo and Narzisi, Giuseppe and Nicosia, Giuseppe},
  journal={Journal of The Royal Society Interface},
  volume={3},
  number={6},
  pages={139--151},
  year={2005},
  publisher={The Royal Society London}
}

    

@article{gabriel2012evolutionary,
  title={Evolutionary algorithms and HP Model for protein structure prediction},
  author={Gabriel, Paulo HR and Melo, Vin{\'\i}cius V de and Delbem, Alexandre CB},
  journal={Sba: Controle \& Automa{\c{c}}{\~a}o Sociedade Brasileira de Automatica},
  volume={23},
  number={1},
  pages={25--37},
  year={2012},
  publisher={SciELO Brasil}
}




@article{zitzler2001spea2,
  title={SPEA2: Improving the strength Pareto evolutionary algorithm},
  author={Zitzler, Eckart and Laumanns, Marco and Thiele, Lothar},
  journal={TIK-report},
  volume={103},
  year={2001},
  publisher={Eidgen{\"o}ssische Technische Hochschule Z{\"u}rich (ETH), Institut f{\"u}r Technische~…}
}

@article{li2002folding,
  title={Folding in lattice models with side chains},
  author={Li, Mai Suan and Klimov, DK and Thirumalai, D},
  journal={Computer physics communications},
  volume={147},
  number={1-2},
  pages={625--628},
  year={2002},
  publisher={Elsevier}
}

@article{anfinsen1973principles,
  title={Principles that govern the folding of protein chains},
  author={Anfinsen, Christian B},
  journal={Science},
  volume={181},
  number={4096},
  pages={223--230},
  year={1973},
  publisher={JSTOR}
}
@article{yue1993sequence,
  title={Sequence-structure relationships in proteins and copolymers},
  author={Yue, Kaizhi and Dill, Ken A},
  journal={Physical Review E},
  volume={48},
  number={3},
  pages={2267},
  year={1993},
  publisher={APS}
}

@article{unger1993finding,
  title={Finding the lowest free energy conformation of a protein is an NP-hard problem: proof and implications},
  author={Unger, Ron and Moult, John},
  journal={Bulletin of mathematical biology},
  volume={55},
  number={6},
  pages={1183--1198},
  year={1993},
  publisher={Springer}
}
@article{yue1995test,
  title={A test of lattice protein folding algorithms},
  author={Yue, Kaizhi and Fiebig, Klaus M and Thomas, Paul D and Chan, Hue Sun and Shakhnovich, Eugene I and Dill, Ken A},
  journal={Proceedings of the National Academy of Sciences},
  volume={92},
  number={1},
  pages={325--329},
  year={1995},
  publisher={National Acad Sciences}
}

@inproceedings{guo2003knn,
  title={KNN model-based approach in classification},
  author={Guo, Gongde and Wang, Hui and Bell, David and Bi, Yaxin and Greer, Kieran},
  booktitle={OTM Confederated International Conferences" On the Move to Meaningful Internet Systems"},
  pages={986--996},
  year={2003},
  organization={Springer}
}

@inproceedings{knowles1999pareto,
  title={The pareto archived evolution strategy: A new baseline algorithm for pareto multiobjective optimisation},
  author={Knowles, Joshua and Corne, David},
  booktitle={Congress on Evolutionary Computation (CEC99)},
  volume={1},
  pages={98--105},
  year={1999}
}

@article{zitzler1998evolutionary,
  title={An evolutionary algorithm for multiobjective optimization: The strength pareto approach},
  author={Zitzler, Eckart and Thiele, Lothar},
  journal={TIK-report},
  volume={43},
  year={1998},
  publisher={Computer Engineering and Networks Laboratory (TIK), Swiss Federal Institute~…}
}
@article{zhang2007moea,
  title={MOEA/D: A multiobjective evolutionary algorithm based on decomposition},
  author={Zhang, Qingfu and Li, Hui},
  journal={IEEE Transactions on evolutionary computation},
  volume={11},
  number={6},
  pages={712--731},
  year={2007},
  publisher={IEEE}
}

@article{goldberg1988genetic,
  title={Genetic algorithms and machine learning},
  author={Goldberg, David E and Holland, John H},
  journal={Machine learning},
  volume={3},
  number={2},
  pages={95--99},
  year={1988},
  publisher={Springer}
}

@article{jones2002multi,
  title={Multi-objective meta-heuristics: An overview of the current state-of-the-art},
  author={Jones, Dylan F and Mirrazavi, S Keyvan and Tamiz, Mehrdad},
  journal={European journal of operational research},
  volume={137},
  number={1},
  pages={1--9},
  year={2002},
  publisher={Elsevier}
}

@inproceedings{schaffer1985multiple,
  title={Multiple objective optimization with vector evaluated genetic algorithms},
  author={Schaffer, J David},
  booktitle={Proceedings of the First International Conference on Genetic Algorithms and Their Applications, 1985},
  year={1985},
  organization={Lawrence Erlbaum Associates. Inc., Publishers}
}
@inproceedings{fonseca1993multiobjective,
  title={Multiobjective genetic algorithms},
  author={Fonseca, Carlos M and Fleming, Peter J},
  booktitle={IEE colloquium on genetic algorithms for control systems engineering},
  pages={6--1},
  year={1993},
  organization={IET}
}
@inproceedings{kursawe1990variant,
  title={A variant of evolution strategies for vector optimization},
  author={Kursawe, Frank},
  booktitle={International Conference on Parallel Problem Solving from Nature},
  pages={193--197},
  year={1990},
  organization={Springer}
}

@inproceedings{rey1994niched,
  title={A niched Pareto genetic algorithm for multiobjective optimization},
  author={rey Horn, Je and Nafpliotis, Nicholas and Goldberg, David E},
  booktitle={Proceedings of the first IEEE conference on evolutionary computation, IEEE world congress on computational intelligence},
  volume={1},
  pages={82--87},
  year={1994},
  organization={Citeseer}
}

@inproceedings{murata1995moga,
  title={MOGA: Multi-objective genetic algorithms},
  author={Murata, Tadahiko and Ishibuchi, Hisao},
  booktitle={IEEE international conference on evolutionary computation},
  volume={1},
  pages={289--294},
  year={1995}
}

@article{hajela1992genetic,
  title={Genetic search strategies in multicriterion optimal design},
  author={Hajela, Prabhat and Lin, C-Y},
  journal={Structural optimization},
  volume={4},
  number={2},
  pages={99--107},
  year={1992},
  publisher={Springer}
}

@article{srinivas1994muiltiobjective,
  title={Muiltiobjective optimization using nondominated sorting in genetic algorithms},
  author={Srinivas, Nidamarthi and Deb, Kalyanmoy},
  journal={Evolutionary computation},
  volume={2},
  number={3},
  pages={221--248},
  year={1994},
  publisher={MIT Press}
}


@article{konak2006multi,
  title={Multi-objective optimization using genetic algorithms: A tutorial},
  author={Konak, Abdullah and Coit, David W and Smith, Alice E},
  journal={Reliability Engineering \& System Safety},
  volume={91},
  number={9},
  pages={992--1007},
  year={2006},
  publisher={Elsevier}
}



@incollection{deb2011multi,
  title={Multi-objective optimisation using evolutionary algorithms: an introduction},
  author={Deb, Kalyanmoy},
  booktitle={Multi-objective evolutionary optimisation for product design and manufacturing},
  pages={3--34},
  year={2011},
  publisher={Springer}
}

@book{hutson2001microchiropteran,
  title={Microchiropteran bats: global status survey and conservation action plan},
  author={Hutson, Anthony Michael and Mickleburgh, Simon P},
  volume={56},
  year={2001},
  publisher={IUCN}
}

@inproceedings{deb2000fast,
  title={A fast elitist non-dominated sorting genetic algorithm for multi-objective optimization: NSGA-II},
  author={Deb, Kalyanmoy and Agrawal, Samir and Pratap, Amrit and Meyarivan, Tanaka},
  booktitle={International conference on parallel problem solving from nature},
  pages={849--858},
  year={2000},
  organization={Springer}
}


@inproceedings{deb2006reference,
  title={Reference point based multi-objective optimization using evolutionary algorithms},
  author={Deb, Kalyanmoy and Sundar, J},
  booktitle={Proceedings of the 8th annual conference on Genetic and evolutionary computation},
  pages={635--642},
  year={2006},
  organization={ACM}
}
@phdthesis{brasil2012algoritmo,
  title={Algoritmo evolutivo de muitos objetivos para predi{\c{c}}{\~a}o ab initio de estrutura de prote{\'\i}nas},
  author={Brasil, Christiane Regina Soares},
  year={2012},
  school={Universidade de S{\~a}o Paulo}
}


@phdthesis{ticona2003aplicaccao,
  title={Aplica{\c{c}}{\~a}o de algoritmos gen{\'e}ticos multi-objetivo para alinhamento de sequ{\^e}ncias biol{\'o}gicas. 2003. 129 f},
  author={TICONA, WGC},
  year={2003},
  school={Disserta{\c{c}}{\~a}o (Mestrado em Ci{\^e}ncias)--Instituto de Ci{\^e}ncias Matem{\'a}ticas e de~…}
}


@article{dorigo1996ant,
  title={Ant system: optimization by a colony of cooperating agents},
  author={Dorigo, Marco and Maniezzo, Vittorio and Colorni, Alberto and others},
  journal={IEEE Transactions on Systems, man, and cybernetics, Part B: Cybernetics},
  volume={26},
  number={1},
  pages={29--41},
  year={1996}
}
@article{brasil2013multiobjective,
  title={Multiobjective evolutionary algorithm with many tables for purely ab initio protein structure prediction},
  author={Brasil, Christiane Regina Soares and Delbem, Alexandre Claudio Botazzo and da Silva, Fernando Lu{\'\i}s Barroso},
  journal={Journal of computational chemistry},
  volume={34},
  number={20},
  pages={1719--1734},
  year={2013},
  publisher={Wiley Online Library}
}



@article{mirjalili2014grey,
  title={Grey wolf optimizer},
  author={Mirjalili, Seyedali and Mirjalili, Seyed Mohammad and Lewis, Andrew},
  journal={Advances in engineering software},
  volume={69},
  pages={46--61},
  year={2014},
  publisher={Elsevier}
}



@inproceedings{coello2001short,
  title={A short tutorial on evolutionary multiobjective optimization},
  author={Coello, Carlos A Coello Coello},
  booktitle={International Conference on Evolutionary Multi-Criterion Optimization},
  pages={21--40},
  year={2001},
  organization={Springer}
}







@article{zhang2004automated,
  title={Automated structure prediction of weakly homologous proteins on a genomic scale},
  author={Zhang, Yang and Skolnick, Jeffrey},
  journal={Proceedings of the National Academy of Sciences},
  volume={101},
  number={20},
  pages={7594--7599},
  year={2004},
  publisher={National Acad Sciences}
}

@article{yang2015tasser,
  title={The I-TASSER Suite: protein structure and function prediction},
  author={Yang, Jianyi and Yan, Renxiang and Roy, Ambrish and Xu, Dong and Poisson, Jonathan and Zhang, Yang},
  journal={Nature methods},
  volume={12},
  number={1},
  pages={7},
  year={2015},
  publisher={Nature Publishing Group}
}

@MISC{2019ITASSE,
  author = {I-TASSER},
  title = {},
  year = {2019},
  owner = {yang},
  timestamp = {2019.05.13},
  url = {https://zhanglab.ccmb.med.umich.edu/I-TASSER/},
  urlaccessdate = {8 de novembro de 2009}
}
@MISC{2019QUARK,
  author = {QUARK},
  title = {},
  year = {2019},
  owner = {yang},
  timestamp = {2019.05.13},
  url = {https://zhanglab.ccmb.med.umich.edu/QUARK/},
  urlaccessdate = {8 de novembro de 2009}
}

@article{zhou2007ab,
  title={Ab initio protein structure prediction using chunk-TASSER},
  author={Zhou, Hongyi and Skolnick, Jeffrey},
  journal={Biophysical journal},
  volume={93},
  number={5},
  pages={1510--1518},
  year={2007},
  publisher={Elsevier}
}

@incollection{rohl2004protein,
  title={Protein structure prediction using Rosetta},
  author={Rohl, Carol A and Strauss, Charlie EM and Misura, Kira MS and Baker, David},
  booktitle={Methods in enzymology},
  volume={383},
  pages={66--93},
  year={2004},
  publisher={Elsevier}
}


@article{subramani2012astro,
  title={ASTRO-FOLD 2.0: An enhanced framework for protein structure prediction},
  author={Subramani, A and Wei, Y and Floudas, CA},
  journal={AIChE Journal},
  volume={58},
  number={5},
  pages={1619--1637},
  year={2012},
  publisher={Wiley Online Library}
}


@article{klepeisastro,
  title={ASTRO-FOLD: First Principles Tertiary Structure Prediction},
  author={Klepeis, JL and McAllister, SR and Floudas, CA}
}

@incollection{wilson1994conformation,
  title={Conformation searching using simulated annealing},
  author={Wilson, Stephen R and Cui, Weili},
  booktitle={The Protein Folding Problem and Tertiary Structure Prediction},
  pages={43--70},
  year={1994},
  publisher={Springer}
}
@inproceedings{baker1983approximation,
  title={An approximation algorithm for Manhattan routing},
  author={Baker, Brenda S and Bhatt, Sandeep N and Leighton, Frank Thomson},
  booktitle={Proceedings of the fifteenth annual ACM symposium on Theory of computing},
  pages={477--486},
  year={1983},
  organization={ACM}
}


@article{salomon2013overview,
  title={An overview of the Amber biomolecular simulation package},
  author={Salomon-Ferrer, Romelia and Case, David A and Walker, Ross C},
  journal={Wiley Interdisciplinary Reviews: Computational Molecular Science},
  volume={3},
  number={2},
  pages={198--210},
  year={2013},
  publisher={Wiley Online Library}
}
@article{mackerell2002charmm,
  title={CHARMM: the energy function and its parameterization},
  author={MacKerell Jr, Alexander D and Brooks, Bernard and Brooks III, Charles L and Nilsson, Lennart and Roux, Benoit and Won, Youngdo and Karplus, Martin},
  journal={Encyclopedia of computational chemistry},
  volume={1},
  year={2002},
  publisher={Wiley Online Library}
}
@article{jorgensen1996development,
  title={Development and testing of the OPLS all-atom force field on conformational energetics and properties of organic liquids},
  author={Jorgensen, William L and Maxwell, David S and Tirado-Rives, Julian},
  journal={Journal of the American Chemical Society},
  volume={118},
  number={45},
  pages={11225--11236},
  year={1996},
  publisher={ACS Publications}
}

@MISC{abnTeX2009,
  author = {abnTeX},
  title = {Absurdas normas para \TeX},
  year = {2009},
  owner = {Hugo},
  timestamp = {2009.11.08},
  url = {http://sourceforge.net/apps/ mediawiki/abntex/index.php},
  urlaccessdate = {8 de novembro de 2009}
}

@MISC{BibTeX2009,
  author = {BibTeX},
  title = {Bib\TeX.org},
  year = {2009},
  owner = {Hugo},
  timestamp = {2009.11.08},
  url = {http://www.bibtex.org},
  urlaccessdate = {8 de novembro de 2009}
}

@BOOK{Buerger1989,
  title = {\LaTeX\ for scientists and engineers},
  publisher = {McGraw-Hill},
  year = {1989},
  author = {Buerger, David John},
  address = {Singapura},
  owner = {Hugo},
  timestamp = {2009.11.08}
}

@MISC{CTAN2009,
  author = {CTAN},
  title = {The comprehensive \TeX\ archive network},
  year = {2009},
  owner = {Hugo},
  timestamp = {2009.11.08},
  url = {http://www.ctan. org},
  urlaccessdate = {8 de novembro de 2009}
}

@BOOK{DAELN2006,
  title = {Normas de apresenta\c{c}\~ao de trabalhos acad\^emicos do {DAELN}},
  publisher = {Departamento Acad\^emico de Eletr\^onica da UTFPR},
  year = {2006},
  editor = {David, Denise Elizabeth Hey and Crocetti, Simone},
  author = {DAELN},
  address = {Curitiba},
  owner = {Hugo},
  timestamp = {2009.11.08}
}

@BOOK{Goossens2007,
  title = {The \LaTeX\ graphics companion},
  publisher = {Addison-Wesley},
  year = {2007},
  author = {Goossens, Michel and Mittelbach, Frank and Rahtz, Sebastian and Roegel,
	Denis and Voss, Herbert},
  address = {Boston},
  edition = {2},
  owner = {Hugo},
  timestamp = {2009.11.08}
}

@MISC{JabRef2009,
  author = {JabRef},
  title = {JabRef reference manager},
  year = {2009},
  owner = {Hugo},
  timestamp = {2009.11.08},
  url = {http://jabref.sourceforge.net},
  urlaccessdate = {8 de novembro de 2009}
}

@BOOK{Kopka2003,
  title = {Guide to \LaTeX},
  publisher = {Addison-Wesley},
  year = {2003},
  author = {Kopka, Helmut and Daly, Patrick W.},
  address = {Boston},
  edition = {4},
  owner = {Hugo},
  timestamp = {2009.11.08}
}

@BOOK{Lamport1986,
  title = {\LaTeX: \normalfont a document preparation system},
  publisher = {Addison-Wesley},
  year = {1986},
  author = {Lamport, Leslie},
  address = {Reading},
  owner = {Hugo},
  timestamp = {2009.11.08}
}

@MISC{LaTeX2009,
  author = {LaTeX},
  title = {The \LaTeX\ project},
  year = {2009},
  owner = {Hugo},
  timestamp = {2009.11.08},
  url = {http://www.latex-project.org},
  urlaccessdate = {8 de novembro de 2009}
}

@MISC{Mendeley2009,
  author = {Mendeley},
  title = {Mendeley: \normalfont academic software for research papers},
  year = {2009},
  owner = {Hugo},
  timestamp = {2009.11.08},
  url = {http://www.mendeley.com},
  urlaccessdate = {8 de novembro de 2009}
}

@MISC{MiKTeX2009,
  author = {MiKTeX},
  title = {The MiK\TeX\ project},
  year = {2009},
  owner = {Hugo},
  timestamp = {2009.11.08},
  url = {http://www.miktex.org},
  urlaccessdate = {8 de novembro de 2009}
}

@BOOK{Mittelbach2004,
  title = {The \LaTeX\ companion},
  publisher = {Addison-Wesley},
  year = {2004},
  author = {Mittelbach, Frank and Goossens, Michel and Braams, Johannes and Carlisle,
	David and Rowley, Chris},
  address = {Boston},
  edition = {2},
  owner = {Hugo},
  timestamp = {2009.11.08}
}

@MISC{TeX-Br2009,
  author = {TeX-BR},
  title = {Comunidade \TeX-Br},
  year = {2009},
  owner = {Hugo},
  timestamp = {2009.11.08},
  url = {http://www.tex-br.org/index.php},
  urlaccessdate = {8 de novembro de 2009}
}

@MISC{TeXnicCenter2009,
  author = {TeXnicCenter},
  title = {\TeX nicCenter: \normalfont the center of your \LaTeX\ universe},
  year = {2009},
  owner = {Hugo},
  timestamp = {2009.11.08},
  url = {http://www.texniccenter.org},
  urlaccessdate = {8 de novembro de 2009}
}

@BOOK{UTFPR2008,
  title = {Normas para elabora\c{c}\~ao de trabalhos acad\^emicos},
  publisher = {Universidade Tecnol\'ogica Federal do Paran\'a},
  year = {2008},
  editor = {Reitoria},
  author = {UTFPR},
  address = {Curitiba},
  owner = {Hugo},
  timestamp = {2009.11.08}
}

@MISC{Wikibooks2009,
  author = {Wikibooks},
  title = {\LaTeX},
  year = {2009},
  owner = {Hugo},
  timestamp = {2009.11.08},
  url = {http://en.wikibooks.org/wiki/LaTeX},
  urlaccessdate = {8 de novembro de 2009}
}

%----------------- começar daqui  ---------
@mastersthesis{benitez2010algoritmo,
  title={Um algoritmo gen{\'e}tico paralelo para o problema de dobramento de prote{\'\i}nas utilizando o modelo 3DHP com cadeia lateral},
  author={Ben{\'\i}tez, C{\'e}sar Manuel Vargas},
  year={2010},
  school={Universidade Tecnol{\'o}gica Federal do Paran{\'a}}
}

@article{benitez2015contributions,
  title={Contributions to the study of the protein folding problem using bioinspired computation and molecular dynamics},
  author={Ben{\'\i}tez, C{\'e}sar Manuel Vargas},
  year={2015},
  publisher={Universidade Tecnol{\'o}gica Federal do Paran{\'a}}
}


@article{berman2013future,
  title={The future of the protein data bank},
  author={Berman, Helen M and Kleywegt, Gerard J and Nakamura, Haruki and Markley, John L},
  journal={Biopolymers},
  volume={99},
  number={3},
  pages={218--222},
  year={2013},
  publisher={Wiley Online Library}
}

@article{cohen2003therapeutic,
  title={Therapeutic approaches to protein-misfolding diseases},
  author={Cohen, Fred E and Kelly, Jeffery W},
  journal={Nature},
  volume={426},
  number={6968},
  pages={905},
  year={2003},
  publisher={Nature Publishing Group}
}

@article{dill1999polymer,
  title={Polymer principles and protein folding},
  author={Dill, Ken A},
  journal={Protein Science},
  volume={8},
  number={6},
  pages={1166--1180},
  year={1999},
  publisher={Cambridge University Press}
}

@article{dill2008protein,
  title={The protein folding problem},
  author={Dill, Ken A and Ozkan, S Banu and Shell, M Scott and Weikl, Thomas R},
  journal={Annu. Rev. Biophys.},
  volume={37},
  pages={289--316},
  year={2008},
  publisher={Annual Reviews}
}

@inproceedings{galvao2012new,
  title={A new greedy heuristic for 3DHP protein struture prediction with side chain},
  author={Galvao, Lauro Cesar and Nunes, Luiz Fernando and Lopes, Heitor Silv{\'e}rio and Moscato, Pablo},
  booktitle={Bioinformatics and Biomedicine Workshops (BIBMW), 2012 IEEE International Conference on},
  pages={77--81},
  year={2012},
  organization={IEEE}
}


@article{nunes2016integer,
  title={An integer programming model for protein structure prediction using the 3D-HP side chain model},
  author={Nunes, Luiz Fernando and Galv{\~a}o, Lauro Cesar and Lopes, Heitor Silv{\'e}rio and Moscato, Pablo and Berretta, Regina},
  journal={Discrete Applied Mathematics},
  volume={198},
  pages={206--214},
  year={2016},
  publisher={Elsevier}
}


@article{huang2010protein,
  title={Protein folding simulations of 2D HP model by the genetic algorithm based on optimal secondary structures},
  author={Huang, Chenhua and Yang, Xiangbo and He, Zhihong},
  journal={Computational Biology and Chemistry},
  volume={34},
  number={3},
  pages={137--142},
  year={2010},
  publisher={Elsevier}
}


@article{hadley2012coarse,
  title={Coarse-grained molecular models of water: a review},
  author={Hadley, Kevin R and McCabe, Clare},
  journal={Molecular simulation},
  volume={38},
  number={8-9},
  pages={671--681},
  year={2012},
  publisher={Taylor \& Francis}
}


@book{lesk2014introduction,
  title={Introduction to bioinformatics},
  author={Lesk, Arthur},
  year={2014},
  pages={60--304},
  publisher={Oxford university press}
  }


@article{liwo1998united,
  title={United-residue force field for off-lattice protein-structure simulations: III. Origin of backbone hydrogen-bonding cooperativity in united-residue potentials},
  author={Liwo, Adam and Ka{\'z}mierkiewicz, R and Czaplewski, Cezary and Groth, Malgorzata and O{\l}dziej, S and Wawak, Ryszard J and Rackovsky, Shelly and Pincus, Matthew R and Scheraga, Harold A},
  journal={Journal of Computational Chemistry},
  volume={19},
  number={3},
  pages={259--276},
  year={1998},
  publisher={Wiley Online Library}
}


@article{liwo1997unitedb,
  title={A united-residue force field for off-lattice protein-structure simulations. II. Parameterization of short-range interactions and determination of weights of energy terms by Z-score optimization},
  author={Liwo, Adam and Pincus, Matthew R and Wawak, Ryszard J and Rackovsky, Shelly and O{\l}dziej, S and Scheraga, Harold A},
  journal={Journal of computational chemistry},
  volume={18},
  number={7},
  pages={874--887},
  year={1997},
  publisher={Wiley Online Library}
}


@article{liwo1997uniteda,
  title={A united-residue force field for off-lattice protein-structure simulations. I. Functional forms and parameters of long-range side-chain interaction potentials from protein crystal data},
  author={Liwo, Adam and O{\l}dziej, St and Pincus, Matthew R and Wawak, Ryszard J and Rackovsky, Shelly and Scheraga, Harold A},
  journal={Journal of computational chemistry},
  volume={18},
  number={7},
  pages={849--873},
  year={1997},
  publisher={Wiley Online Library}
}



@incollection{lopes2008evolutionary,
  title={Evolutionary algorithms for the protein folding problem: A review and current trends},
  author={Lopes, Heitor Silv{\'e}rio},
  booktitle={Computational intelligence in biomedicine and bioinformatics},
  pages={297--315},
  year={2008},
  publisher={Springer}
}

@book{nelson2011principios,
  title={Princ{\'\i}pios de bioqu{\'\i}mica de Lehninger},
  author={Nelson, David L and Cox, Michael M},
  year={2011},
  publisher={Artmed Editora},
  pages = {70--229}
}


@article{oliveira2005estrategias,
  title={Estrat{\'e}gias de evolu{\c{c}}{\~a}o diferencial aplicadas a problemas de otimiza{\c{c}}{\~a}o restritos, 15 POSMEC},
  author={Oliveira, GTS and Saramago, SFP},
  journal={FEMEC/UFU, Uberl{\^a}ndia-MG},
  year={2005}
}

@article{ozboyaci2016modeling,
  title={Modeling and simulation of protein--surface interactions: achievements and challenges},
  author={Ozboyaci, Musa and Kokh, Daria B and Corni, Stefano and Wade, Rebecca C},
  journal={Quarterly reviews of biophysics},
  volume={49},
  year={2016},
  publisher={Cambridge University Press}
}


@article{parpinelli2014performance,
  title={Performance Analysis of Swarm Intelligence Algorithms for the 3D-AB off-lattice Protein Folding Problem.},
  author={Parpinelli, Rafael Stubs and Benitiez, Cesar MV and Cordeiro, Jelson and Lopes, Heitor Silverio},
  journal={Multiple-Valued Logic and Soft Computing},
  volume={22},
  number={3},
  pages={267--286},
  year={2014}
}


@article{piana2014assessing,
  title={Assessing the accuracy of physical models used in protein-folding simulations: quantitative evidence from long molecular dynamics simulations},
  author={Piana, Stefano and Klepeis, John L and Shaw, David E},
  journal={Current opinion in structural biology},
  volume={24},
  pages={98--105},
  year={2014},
  publisher={Elsevier}
}


@book{piercegenetica,
  author={PIERCE, Benjamin A},
  title={Gen{\'e}tica-Um Enfoque Conceitual. Traduzido por Paulo A. Mota, Ex-Professor Adjunto do Departamento de Gen{\'e}tica da UFRJ e do Instituto de Biologia da UFF},
  publisher={Editora Guanabara Koogan},
  year={2016},
  pages = {368--373}
}





@inproceedings{romero2007role,
  title={The role of inflammation and infection in preterm birth},
  author={Romero, Roberto and Espinoza, Jimmy and Gon{\c{c}}alves, Lu{\'\i}s F and Kusanovic, Juan Pedro and Friel, Lara and Hassan, Sonia},
  booktitle={Seminars in reproductive medicine},
  volume={25},
  number={01},
  pages={021--039},
  year={2007},
  organization={Copyright{\copyright} 2007 by Thieme Publishers, Inc., 333 Seventh Avenue, New York, NY 10001, USA.}
}

@article{schmidt2014modelling,
  title={Modelling three-dimensional protein structures for applications in drug design},
  author={Schmidt, Tobias and Bergner, Andreas and Schwede, Torsten},
  journal={Drug discovery today},
  volume={19},
  number={7},
  pages={890--897},
  year={2014},
  publisher={Elsevier}
}



@article{storn1997differential,
  title={Differential evolution--a simple and efficient heuristic for global optimization over continuous spaces},
  author={Storn, Rainer and Price, Kenneth},
  journal={Journal of global optimization},
  volume={11},
  number={4},
  pages={341--359},
  year={1997},
  publisher={Springer}
}

@article{uniprot2016uniprot,
  title={UniProt: the universal protein knowledgebase},
  author={UniProt Consortium},
  journal={Nucleic acids research},
  volume={45},
  number={D1},
  pages={D158--D169},
  year={2016},
  publisher={Oxford University Press}
}


@article{vendruscolo2011protein,
  title={Protein dynamics: Moore's law in molecular biology},
  author={Vendruscolo, Michele and Dobson, Christopher M},
  journal={Current Biology},
  volume={21},
  number={2},
  pages={R68--R70},
  year={2011},
  publisher={Elsevier}
}



@article{venske2014ademo,
  title={ADEMO/D: Multiobjective optimization by an adaptive differential evolution algorithm},
  author={Venske, Sandra M and Gon{\c{c}}alves, Richard A and Delgado, Myriam R},
  journal={Neurocomputing},
  volume={127},
  pages={65--77},
  year={2014},
  publisher={Elsevier}
}

@MISC{RCBS2019,
  author = {RCBS},
  title = {CSB PROTEIN DATA BANK.},
  year = {2019},
  timestamp = {2019.04.16},
  url = {http://www.rcsb.org/pdb/statistics/holdings.do},
  urlaccessdate = {16 de março de 2019}
}

@MISC{ROSETTACOMMONS2019,
  author = {ROSETTA},
  title = {ROSETTA COMMONS},
  year = {2019},
  timestamp = {2019.02.01},
  url = {https://www.rosettacommons.org/},
  urlaccessdate = {01 de favereiro de 2019}
}




@article{oliveira2003alternative,
  title={An alternative synthesis of 1, 2, 3, 4-tetrahydro-9H-pyrido-[3, 4-b]-indole},
  author={Oliveira, Arildo Jos{\'e} Braz de and Koike, Luzia},
  journal={Revista Brasileira de Ci{\^e}ncias Farmac{\^e}uticas},
  volume={39},
  number={3},
  pages={259--264},
  year={2003},
  publisher={SciELO Brasil}
}

@article{zhang1997peptide,
  title={Peptide bond formation by in vitro selected ribozymes},
  author={Zhang, Biliang and Cech, Thomas R},
  journal={Nature},
  volume={390},
  number={6655},
  pages={96},
  year={1997},
  publisher={Nature Publishing Group}
}

@article{holland1975adaptation,
  title={Adaptation in natural and artificial systems: an introductory analysis with application to biology},
  author={Holland, John},
  journal={Control and artificial intelligence},
  year={1975},
  publisher={University of Michigan Press}
}

@article{almeida2016prediccao,
  title={Predi{\c{c}}{\~a}o de estrutura terci{\'a}ria de prote{\'\i}nas com t{\'e}cnicas multiobjetivo no algoritmo de monte carlo},
  author={Almeida, Alexandre Barbosa de and others},
  year={2016},
  publisher={Universidade Federal de Goi{\'a}s}
}

@article{albertsmolecular,
  title={Molecular Biology of the Cell (Garland, New York, 1994)},
  author={Alberts, B and Bray, D and Lewis, J and Raff, M and Roberts, K and Watson, JD},
  journal={Google Scholar},
  pages={907--982}
}

@book{lodish2014biologia,
  title={Biologia celular e molecular},
  author={Lodish, Harvey and Berk, Arnold and Kaiser, Chris A and Krieger, Monty and Bretscher, Anthony and Ploegh, Hidde and Amon, Angelika},
  year={2014},
  publisher={Artmed Editora}
}


@article{dill1995principles,
  title={Principles of protein folding—a perspective from simple exact models},
  author={Dill, Ken A and Bromberg, Sarina and Yue, Kaizhi and Chan, Hue Sun and Ftebig, Klaus M and Yee, David P and Thomas, Paul D},
  journal={Protein science},
  volume={4},
  number={4},
  pages={561--602},
  year={1995},
  publisher={Wiley Online Library}
}
@article{venske2014prediccao,
  title={Predi{\c{c}}{\~a}o da estrutura de prote{\'\i}nas off-lattice usando evolu{\c{c}}{\~a}o diferencial multiobjetivo adaptativa},
  author={Venske, Sandra Mara Guse Sc{\'o}s},
  year={2014},
  publisher={Universidade Tecnol{\'o}gica Federal do Paran{\'a}}
}


@inproceedings{varela2017protein,
  title={A protein folding model using the face-centered cubic lattice model},
  author={Varela, Daniel and Santos, Jos{\'e}},
  booktitle={Proceedings of the Genetic and Evolutionary Computation Conference Companion},
  pages={1674--1678},
  year={2017},
  organization={ACM}
}

@incollection{lee2017ab,
  title={Ab initio protein structure prediction},
  author={Lee, Jooyoung and Freddolino, Peter L and Zhang, Yang},
  booktitle={From protein structure to function with bioinformatics},
  pages={3--35},
  year={2017},
  publisher={Springer}
}

@article{zhang2009protein,
  title={Protein structure prediction: when is it useful?},
  author={Zhang, Yang},
  journal={Current opinion in structural biology},
  volume={19},
  number={2},
  pages={145--155},
  year={2009},
  publisher={Elsevier}
}

@article{jorgensen1988opls,
  title={The OPLS [optimized potentials for liquid simulations] potential functions for proteins, energy minimizations for crystals of cyclic peptides and crambin},
  author={Jorgensen, William L and Tirado-Rives, Julian},
  journal={Journal of the American Chemical Society},
  volume={110},
  number={6},
  pages={1657--1666},
  year={1988},
  publisher={ACS Publications}
}

@article{brooks1983program,
  title={A program for macromolecular energy, minimization, and dynamics calculations},
  author={Brooks, Bernard R},
  journal={Journal of computational chemistry},
  volume={4},
  pages={187--217},
  year={1983}
}

@article{weiner1984new,
  title={A new force field for molecular mechanical simulation of nucleic acids and proteins},
  author={Weiner, Scott J and Kollman, Peter A and Case, David A and Singh, U Chandra and Ghio, Caterina and Alagona, Guliano and Profeta, Salvatore and Weiner, Paul},
  journal={Journal of the American Chemical Society},
  volume={106},
  number={3},
  pages={765--784},
  year={1984},
  publisher={ACS Publications}
}

@article{daggett2003there,
  title={Is there a unifying mechanism for protein folding?},
  author={Daggett, Valerie and Fersht, Alan R},
  journal={Trends in biochemical sciences},
  volume={28},
  number={1},
  pages={18--25},
  year={2003},
  publisher={Elsevier}
}


@article{yang2016sixty,
  title={Sixty-five years of the long march in protein secondary structure prediction: the final stretch?},
  author={Yang, Yuedong and Gao, Jianzhao and Wang, Jihua and Heffernan, Rhys and Hanson, Jack and Paliwal, Kuldip and Zhou, Yaoqi},
  journal={Briefings in bioinformatics},
  volume={19},
  number={3},
  pages={482--494},
  year={2016},
  publisher={Oxford University Press}
}


@article{kirkpatrick1983optimization,
  title={Optimization by simulated annealing},
  author={Kirkpatrick, Scott and Gelatt, C Daniel and Vecchi, Mario P},
  journal={science},
  volume={220},
  number={4598},
  pages={671--680},
  year={1983},
  publisher={American Association for the Advancement of Science}
}

@book{hammersley2013monte,
  title={Monte carlo methods},
  author={Hammersley, John},
  year={2013},
  publisher={Springer Science \& Business Media}
}

@article{duhr2006thermophoretic,title={Thermophoretic depletion follows Boltzmann distribution},author={Duhr, Stefan and Braun, Dieter},journal={Physical review letters},volume={96},number={16},pages={168301},year={2006},publisher={APS}}



@article{duan1998pathways,
  title={Pathways to a protein folding intermediate observed in a 1-microsecond simulation in aqueous solution},
  author={Duan, Yong and Kollman, Peter A},
  journal={Science},
  volume={282},
  number={5389},
  pages={740--744},
  year={1998},
  publisher={American Association for the Advancement of Science}
}


@article{klepeis2003astro,
  title={ASTRO-FOLD: a combinatorial and global optimization framework for ab initio prediction of three-dimensional structures of proteins from the amino acid sequence},
  author={Klepeis, JL and Floudas, CA},
  journal={Biophysical Journal},
  volume={85},
  number={4},
  pages={2119--2146},
  year={2003},
  publisher={Elsevier}
}


@article{lee1997new,
  title={New optimization method for conformational energy calculations on polypeptides: conformational space annealing},
  author={Lee, Jooyoung and Scheraga, Harold A and Rackovsky, Shelly},
  journal={Journal of computational chemistry},
  volume={18},
  number={9},
  pages={1222--1232},
  year={1997},
  publisher={Wiley Online Library}
}


@article{joung2018conformational,
  title={Conformational Space Annealing explained: A general optimization algorithm, with diverse applications},
  author={Joung, InSuk and Kim, Jong Yun and Gross, Steven P and Joo, Keehyoung and Lee, Jooyoung},
  journal={Computer Physics Communications},
  volume={223},
  pages={28--33},
  year={2018},
  publisher={Elsevier}
}

@book{liwo2013computational,
  title={Computational methods to study the structure and dynamics of biomolecules and biomolecular processes: from bioinformatics to molecular quantum mechanics},
  author={Liwo, Adam},
  volume={1},
  year={2013},
  publisher={Springer Science \& Business Media}
}


@book{papoian2017coarse,
  title={Coarse-grained Modeling of Biomolecules},
  author={Papoian, Garegin A},
  year={2017},
  publisher={CRC Press}
}

@article{sears2007protein,
  title={Protein structure prediction: Concepts and applications},
  author={Sears, Duane},
  journal={Biochemistry and Molecular Biology Education},
  volume={35},
  number={1},
  pages={79--80},
  year={2007},
  publisher={Wiley Online Library}
}

@article{holland1975adaptationinnaturalandartificialsystems,
  title={AdaptationinNaturalandArtificialSystems},
  author={Holland, John H},
  journal={Ann Arbor: University of Michigan Press},
  year={1975}
}

@book{koza1990genetic,
  title={Genetic programming: A paradigm for genetically breeding populations of computer programs to solve problems},
  author={Koza, John R},
  volume={34},
  year={1990},
  publisher={Stanford University, Department of Computer Science Stanford, CA}
}


@misc{da2000otimizaccao,
  title={Otimiza{\c{c}}{\~a}o de Liga{\c{c}}{\~o}es Estruturais em A{\c{c}}o Atrav{\'e}s de Algoritmos Gen{\'e}ticos},
  author={da Silva, Luciano F and Pacheco, Marco AC and Vellasco, Pedro CG da S and de Andrade, Sebasti{\~a}o AL},
  year={2000},
  publisher={CILAMCE}
}

@article{albrecht2005algoritmos,
  title={Algoritmos Evolutivos aplicados a s{\'\i}ntese e otimiza{\c{c}}{\~a}o de sistemas de ancoragem},
  author={Albrecht, Carl Horst},
  journal={Universidade Federal do Rio de Janeiro, Rio de Janeiro},
  year={2005}
}

@inproceedings{bitello2006differential,
  title={A differential evolution approach for protein folding},
  author={Bitello, Reginaldo and Lopes, Heitor S},
  booktitle={Computational Intelligence and Bioinformatics and Computational Biology, 2006. CIBCB'06. 2006 IEEE Symposium on},
  pages={1--5},
  year={2006},
  organization={IEEE}
}

@incollection{dorigo2011ant,
  title={Ant colony optimization},
  author={Dorigo, Marco and Birattari, Mauro},
  booktitle={Encyclopedia of machine learning},
  pages={36--39},
  year={2011},
  publisher={Springer}
}

@inproceedings{kennedy1995j,
  title={J. and Eberhart, Particle swarm optimization},
  author={Kennedy, R},
  booktitle={Proceedings of IEEE International Conference on Neural Networks IV, pages},
  volume={1000},
  year={1995}
}

@article{karaboga2008performance,
  title={On the performance of artificial bee colony (ABC) algorithm},
  author={Karaboga, Dervis and Basturk, Bahriye},
  journal={Applied soft computing},
  volume={8},
  number={1},
  pages={687--697},
  year={2008},
  publisher={Elsevier}
}

@incollection{yang2010new,
  title={A new metaheuristic bat-inspired algorithm},
  author={Yang, Xin-She},
  booktitle={Nature inspired cooperative strategies for optimization (NICSO 2010)},
  pages={65--74},
  year={2010},
  publisher={Springer}
}

@mastersthesis{hattori2016inferencia,
  title={Infer{\^e}ncia de redes de regula{\c{c}}{\~a}o g{\^e}nica utilizando m{\'e}todos de busca e otimiza{\c{c}}{\~a}o},
  author={Hattori, Leandro Takeshi and others},
  year={2016},
  school={Universidade Tecnol{\'o}gica Federal do Paran{\'a}}
}



@article{cheng2001optimal,
  title={Optimal approximation of linear systems by a differential evolution algorithm},
  author={Cheng, Shih-Lian and Hwang, Chyi},
  journal={IEEE Transactions on Systems, man, and cybernetics-part a: systems and humans},
  volume={31},
  number={6},
  pages={698--707},
  year={2001},
  publisher={IEEE}
}


@article{dill2008protein,
  title={The protein folding problem},
  author={Dill, Ken A and Ozkan, S Banu and Shell, M Scott and Weikl, Thomas R},
  journal={Annu. Rev. Biophys.},
  volume={37},
  pages={289--316},
  year={2008},
  publisher={Annual Reviews}
}


@article{nvidia2011nvidia,
  title={Nvidia cuda c programming guide},
  author={Nvidia, CUDA},
  journal={Nvidia Corporation},
  volume={120},
  number={18},
  pages={8},
  year={2011}
}

@article{nvidia2011c,
  title={C Programming Guide v. 4.0},
  author={Nvidia, CUDA},
  journal={NVIDIA Corporattion, Santa Clara},
  year={2011}
}

@inproceedings{shehab2017hybrid,
  title={A hybrid CPU-GPU implementation to accelerate multiple pairwise protein sequence alignment},
  author={Shehab, Mohammed A and Ghadawi, Abdullah A and Alawneh, Luay and Al-Ayyoub, Mahmoud and Jararweh, Yaser},
  booktitle={Information and Communication Systems (ICICS), 2017 8th International Conference on},
  pages={12--17},
  year={2017},
  organization={IEEE}
}

@article{silveira2010programaccao,
  title={Programa{\c{c}}ao em opencl: Uma introdu{\c{c}}ao pr{\'a}tica},
  author={Silveira, CL and da Silveira Jr, Luiz G and Cavalheiro, Gerson Geraldo H},
  year={2010}
}


